%psyscholignstics

@article{kendon1967some,
  title={Some functions of gaze-direction in social interaction},
  author={Kendon, Adam},
  journal={Acta Psychologica},
  volume={26},
  pages={22--63},
  year={1967},
  publisher={Elsevier}
}


@article{duncan1972some,
  title={Some signals and rules for taking speaking turns in conversations.},
  author={Duncan, Starkey},
  journal={Journal of Personality and Social Psychology},
  year={1972},
  volume  = {23},
  pages     = {283--292},
  publisher={American Psychological Association}
}


@article{sacks1974simplest,
  title={A simplest systematics for the organization of turn-taking for conversation},
  author={Sacks, Harvey and Schegloff, Emanuel A and Jefferson, Gail},
  journal={language},
  pages={696--735},
  year={1974},
  publisher={JSTOR}
}

@Book{ nla.cat-vn163724,
author = { Levelt, W. J. M. },
title = { Speaking : from intention to articulation / Willem J.M. Levelt },
isbn = { 0262121379 },
publisher = { MIT Press Cambridge, Mass },
pages = { xiv, 566 p. : },
year = { 1989 },
type = { Book },
language = { English },
subjects = { Psycholinguistics.; Speech. },
life-dates = { 1989 -  },
catalogue-url = { http://nla.gov.au/nla.cat-vn163724 },
}


@article{ford1996interactional,
  title={Interactional units in conversation: syntactic, intonational, and pragmatic resources for the management of turns},
  author={Ford, Cecilia E and Thompson, Sandra A},
  journal={Studies in Interactional Sociolinguistics},
  volume={13},
  pages={134--184},
  year={1996},
  publisher={THE UNIVERSITY OF CAMBRIDGE PRESS}
}


@article{stolcke2000dialogue,
  title={Dialogue act modeling for automatic tagging and recognition of conversational speech},
  author={Stolcke, Andreas and Coccaro, Noah and Bates, Rebecca and Taylor, Paul and Van Ess-Dykema, Carol and Ries, Klaus and Shriberg, Elizabeth and Jurafsky, Daniel and Martin, Rachel and Meteer, Marie},
  journal={Computational linguistics},
  volume={26},
  number={3},
  pages={339--373},
  year={2000},
  publisher={MIT press}
}


@article{selting2000construction,
  title={The construction of units in conversational talk},
  author={Selting, Margret},
  journal={Language in Society},
  volume={29},
  number={04},
  pages={477--517},
  year={2000},
  publisher={Cambridge Univ Press}
}


@article{shriberg2000prosody,
  title={Prosody-based automatic segmentation of speech into sentences and topics},
  author={Shriberg, Elizabeth and Stolcke, Andreas and Hakkani-T{\"u}r, Dilek and T{\"u}r, G{\"o}khan},
  journal={Speech Communication},
  volume={32},
  number={1},
  pages={127--154},
  year={2000},
  publisher={Elsevier}
}




@article{ford2001intersection,
  title={At the intersection of turn and sequence},
  author={Ford, Cecilia E},
  journal={Studies in Interactional Linguistics},
  volume={10},
  pages={51},
  year={2001},
  publisher={John Benjamins Publishing}
}

@Article{Breiman01randomforests,
author={Breiman, Leo},
title={Random Forests},
journal={Machine Learning},
year={2001},
volume={45},
number={1},
pages={5--32},
abstract={Random forests are a combination of tree predictors such that each tree depends on the values of a random vector sampled independently and with the same distribution for all trees in the forest. The generalization error for forests converges a.s. to a limit as the number of trees in the forest becomes large. The generalization error of a forest of tree classifiers depends on the strength of the individual trees in the forest and the correlation between them. Using a random selection of features to split each node yields error rates that compare favorably to Adaboost (Y. Freund {\&} R. Schapire, Machine Learning: Proceedings of the Thirteenth International conference, ***, 148--156), but are more robust with respect to noise. Internal estimates monitor error, strength, and correlation and these are used to show the response to increasing the number of features used in the splitting. Internal estimates are also used to measure variable importance. These ideas are also applicable to regression.},
issn={1573-0565},
doi={10.1023/A:1010933404324}
}

@inproceedings{stolcke2002speaker,
  title={Is the speaker done yet? faster and more accurate end-of-utterance detection using prosody},
  author={Luciana Ferrer and Elizabeth Shriberg and Andreas Stolcke},
  booktitle={INTERSPEECH},
  year={2002}
}

@inproceedings{ferrer2003prosody,
  title={A prosody-based approach to end-of-utterance detection that does not require speech recognition},
  author={Ferrer, Luciana and Shriberg, Elizabeth and Stolcke, Andreas},
  booktitle={ICASSP},
  pages={608--611},
  year={2003},
}


@article{wilson2005oscillator,
  title={An oscillator model of the timing of turn-taking},
  author={Wilson, Margaret and Wilson, Thomas P},
  journal={Psychonomic Bulletin \& Review},
  volume={12},
  number={6},
  pages={957--968},
  year={2005},
  publisher={Springer}
}



@article{de2006projecting,
  title={Projecting the end of a speaker's turn: A cognitive cornerstone of conversation},
  author={De Ruiter, Jan Peter and Mitterer, Holger and Enfield, Nick J},
  journal={Language},
  pages={515--535},
  year={2006},
  publisher={JSTOR}
}



@phdthesis{raux2008flexible,
  title={Flexible turn-taking for spoken dialog systems},
  author={Raux, Antoine},
  year={2008},
  school={US National Science Foundation}
}



@article{reed2009units,
  title={Units of interaction: “Intonation phrases” or “turn constructional phrases”},
  author={Reed, Beatrice Szczepek},
  journal={Actes/Proceedings from IDP (Interface Discours \& Prosodie)},
  pages={351--363},
  year={2009},
  publisher={Citeseer}
}




@article{calhoun2010nxt,
  title={The NXT-format Switchboard Corpus: a rich resource for investigating the syntax, semantics, pragmatics and prosody of dialogue},
  author={Calhoun, Sasha and Carletta, Jean and Brenier, Jason M and Mayo, Neil and Jurafsky, Dan and Steedman, Mark and Beaver, David},
  journal={Language Resources and Evaluation},
  volume={44},
  number={4},
  pages={387--419},
  year={2010},
  publisher={Springer}
}

@article{scikit-learn,
 title={Scikit-learn: Machine Learning in {P}ython},
 author={Pedregosa, F. and Varoquaux, G. and Gramfort, A. and Michel, V.
         and Thirion, B. and Grisel, O. and Blondel, M. and Prettenhofer, P.
         and Weiss, R. and Dubourg, V. and Vanderplas, J. and Passos, A. and
         Cournapeau, D. and Brucher, M. and Perrot, M. and Duchesnay, E.},
 journal={Journal of Machine Learning Research},
 volume={12},
 pages={2825--2830},
 year={2011}
}


@inproceedings{tice2011turn,
  title={Turn-boundary projection: Looking ahead},
  author={Tice, Marisa and Henetz, Tania},
  booktitle={The 33rd Annual Meeting of the Cognitive Science Society [CogSci 2011]},
  pages={838--843},
  year={2011},
  organization={Cognitive Science Society}
}



@inproceedings{Webber:2012:PIN:2384716.2384777,
 author = {Webber, Jim},
 title = {A Programmatic Introduction to Neo4J},
 booktitle = {Proceedings of the 3rd Annual Conference on Systems, Programming, and Applications: Software for Humanity},
 series = {SPLASH '12},
 year = {2012},
 isbn = {978-1-4503-1563-0},
 location = {Tucson, Arizona, USA},
 pages = {217--218},
 doi = {10.1145/2384716.2384777},
 address = {New York, NY, USA},
 keywords = {graph databases, java, jvm, neo4j, nosql},
}




@article{magyari2012prediction,
  title={Prediction of turn-ends based on anticipation of upcoming words},
  author={Magyari, Lilla and De Ruiter, Jan Peter},
  journal={Frontiers in Psychology},
  volume={3},
  pages={376},
  year={2012},
  publisher={Frontiers Research Foundation}
}

@article{mckinneypandas,
  title={pandas: a Foundational Python Library for Data Analysis and Statistics},
  author={McKinney, Wes}
}


@inproceedings{levitan2015entrainment,
  title={Entrainment and turn-taking in human-human dialogue},
  author={Levitan, Rivka and Benus, Stefan and Gravano, Agust{\i}n and Hirschberg, Julia},
  booktitle={AAAI Spring Symposium on Turn-Taking and Coordination in Human-Machine Interaction, Stanford, CA},
  year={2015}
}


@article{levinson2015timing,
  title={Timing in turn-taking and its implications for processing models of language},
  author={Levinson, Stephen C and Torreira, Francisco},
  journal={Frontiers In Psychology},
  volume={6},
  year={2015},
  publisher={Frontiers Media SA}
}



@article{magyari2014early,
  title={Early anticipation lies behind the speed of response in conversation},
  author={Magyari, Lilla and Bastiaansen, Marcel CM and de Ruiter, Jan P and Levinson, Stephen C},
  journal={Journal of Cognitive Neuroscience},
  year={2014},
  publisher={MIT Press}
}


@article{riest2015anticipation,
  title={Anticipation in turn-taking: mechanisms and information sources},
  author={Riest, Carina and Jorschick, Annett B and De Ruiter, Jan P},
  journal={Frontiers in Psychology},
  volume={6},
  year={2015},
  publisher={Frontiers Media SA}
}

@article{torreira2015breathing,
  title={Breathing for answering: the time course of response planning in conversation},
  author={Torreira, Francisco and B{\"o}gels, Sara and Levinson, Stephen C},
  journal={Frontiers in Psychology},
  volume={6},
  year={2015},
  publisher={Frontiers Media SA}
}

@article{roberts2015effects,
  title={The effects of processing and sequence organization on the timing of turn taking: a corpus study},
  author={Roberts, Se{\'a}n G and Torreira, Francisco and Levinson, Stephen C},
  journal={Frontiers in Psychology},
  volume={6},
  year={2015},
  publisher={Frontiers Media SA}
}

@article{garrod2015use,
  title={The use of content and timing to predict turn transitions},
  author={Garrod, Simon and Pickering, Martin J},
  journal={Frontiers in Psychology},
  volume={6},
  year={2015},
  publisher={Frontiers Media SA}
}

@article{levinson2016turn,
  title={Turn-taking in Human Communication--Origins and Implications for Language Processing},
  author={Levinson, Stephen C},
  journal={Trends in Cognitive Sciences},
  volume={20},
  number={1},
  pages={6--14},
  year={2016},
  publisher={Elsevier}
}

%SDS

@inproceedings{hariharan2001robust,
  title={Robust end-of-utterance detection for real-time speech recognition applications},
  author={Hariharan, Ramalingam and Hakkinen, Juha and Laurila, Kari},
  booktitle={ICASSP},
  pages={249--252},
  year={2001}
}

@article{schlangen2006reaction,
  title={From reaction to prediction: Experiments with computational models of turn-taking},
  author={Schlangen, David},
  journal={Proceedings of Interspeech 2006, Panel on Prosody of Dialogue Acts and Turn-Taking},
  year={2006}
}

@inproceedings{atterer2008towards,
  title={Towards Incremental End-of-Utterance Detection in Dialogue Systems.},
  author={Atterer, Michaela and Baumann, Timo and Schlangen, David},
  booktitle={COLING (Posters)},
  pages={11--14},
  year={2008}
}


@inproceedings{raux2009finite,
  title={A finite-state turn-taking model for spoken dialog systems},
  author={Raux, Antoine and Eskenazi, Maxine},
  booktitle={Proceedings of Human Language Technologies: The 2009 Annual Conference of the North American Chapter of the Association for Computational Linguistics},
  pages={629--637},
  year={2009}

}


@article{gravano2011turn,
  title={Turn-taking cues in task-oriented dialogue},
  author={Gravano, Agust{\'\i}n and Hirschberg, Julia},
  journal={Computer Speech \& Language},
  volume={25},
  number={3},
  pages={601--634},
  year={2011},
  publisher={Elsevier}
}

@article{raux2012optimizing,
  title={Optimizing the turn-taking behavior of task-oriented spoken dialog systems},
  author={Raux, Antoine and Eskenazi, Maxine},
  journal={ACM Transactions on Speech and Language Processing (TSLP)},
  volume={9},
  number={1},
  pages={1},
  year={2012},
  publisher={ACM}
}

@inproceedings{arsikere2015enhanced,
  title={Enhanced End-of-Turn Detection for Speech to a Personal Assistant},
  author={Arsikere, Harish and Shriberg, Elizabeth and Ozertem, Umut},
  booktitle={AAAI Spring Symposium on Turn-taking and Coordination in Human-Machine Interaction},
  year={2015}
}

@InProceedings{Godfrey-etal92:icassp,
  author    = {J. J. Godfrey and E. C. Holliman and J. McDaniel},
  title     = {{SWITCHBOARD}: {T}elephone Speech Corpus for
               Research and Development},
  booktitle = {ICASSP},
  year      = {1992},
  pages     = {517--520}
}

@inproceedings{SSS1510313,
	author = {Nishitha Guntakandla and Rodney Nielsen},
	title={Modelling Turn-Taking in Human Conversations.},
    booktitle = {AAAI Spring Symposium on Turn-Taking and Coordination in Human-Machine Interaction},
	address={Stanford CA},
    year={2015}
}

@inproceedings{SelfridgeHeeman10:acl,
  title     = {Importance-Driven Turn-Bidding for Spoken Dialogue Systems},
  author    = {E. O. Selfridge and Peter A. Heeman},
  booktitle = {Proceedings of the 48th Annual Meeting of the Association for Computational Linguistics},
  year      = {2010},
  address   = {Uppsala Sweden},
  pages     = {177--185}
}
@INPROCEEDINGS{Sato02learningdecision,
    author = {Ryo Sato and Ryuichiro Higashinaka and Masafumi Tamoto and Mikio Nakano and Kiyoaki Aikawa},
    title = {Learning decision trees to determine turntaking by spoken dialogue systems},
    booktitle = {ICSLP},
    year = {2002},
    pages = {861--864}
}

@article{hinton2012deep,
  title={Deep neural networks for acoustic modeling in speech recognition: The shared views of four research groups},
  author={Hinton, Geoffrey and Deng, Li and Yu, Dong and Dahl, George E and Mohamed, Abdel-rahman and Jaitly, Navdeep and Senior, Andrew and Vanhoucke, Vincent and Nguyen, Patrick and Sainath, Tara N and others},
  journal={IEEE Signal Processing Magazine},
  volume={29},
  number={6},
  pages={82--97},
  year={2012},
  publisher={IEEE}
}

@INPROCEEDINGS{225858,
author={J. J. Godfrey and E. C. Holliman and J. McDaniel},
booktitle={Acoustics, Speech, and Signal Processing, 1992. ICASSP-92., 1992 IEEE International Conference on},
title={SWITCHBOARD: telephone speech corpus for research and development},
year={1992},
volume={1},
pages={517-520 vol.1},
keywords={speech analysis and processing;speech recognition;1 hr;R&D;SWITCHBOARD;T1 lines;Texas Instruments;US;conversational speech;large vocabulary speech recognition;multispeaker corpus;research and development;speaker authentication;speaker verification;speech processing algorithms;telephone speech corpus;testing;text;time-aligned word;training;word transcription;Authentication;Databases;Instruments;Protocols;Research and development;Speech processing;Speech recognition;Telephony;Testing;Vocabulary},
doi={10.1109/ICASSP.1992.225858},
ISSN={1520-6149},
month={Mar},
}

@inproceedings{Meshorer2016UsingPS,
  title={Using Past Speaker Behavior to Better Predict Turn Transitions},
  author={Tomer Meshorer and Peter A. Heeman},
  booktitle={INTERSPEECH},
  year={2016}
}
